<record><leader>00000cas a2200000 a 4500</leader><controlfield tag="001">9835651</controlfield><controlfield tag="008">830823d19611988wauwr ne      0   a0eng d</controlfield><datafield ind1=" " ind2=" " tag="010"><subfield code="a">sn 83002439 </subfield></datafield><datafield ind1=" " ind2=" " tag="040"><subfield code="a">NSD</subfield><subfield code="b">eng</subfield><subfield code="c">NSD</subfield><subfield code="d">SLZ</subfield><subfield code="d">NSD</subfield><subfield code="d">SLZ</subfield><subfield code="d">OCL</subfield><subfield code="d">OCLCQ</subfield><subfield code="d">OCLCF</subfield><subfield code="d">OCLCO</subfield><subfield code="d">OCLCA</subfield><subfield code="d">WAU</subfield><subfield code="d">OCLCA</subfield></datafield><datafield ind1=" " ind2=" " tag="012"><subfield code="j">0</subfield><subfield code="l">1</subfield><subfield code="m">d</subfield></datafield><datafield ind1="1" ind2=" " tag="022"><subfield code="a">0739-9286</subfield><subfield code="l">0739-9286</subfield><subfield code="2">1</subfield></datafield><datafield ind1=" " ind2=" " tag="037"><subfield code="b">Northshore Citizen, P.O. Box 706, Bothell, WA 98011</subfield></datafield><datafield ind1=" " ind2=" " tag="042"><subfield code="a">nsdp</subfield></datafield><datafield ind1=" " ind2=" " tag="043"><subfield code="a">n-us-wa</subfield></datafield><datafield ind1=" " ind2="0" tag="222"><subfield code="a">Northshore citizen</subfield></datafield><datafield ind1="0" ind2="0" tag="245"><subfield code="a">Northshore citizen.</subfield></datafield><datafield ind1="1" ind2="7" tag="246"><subfield code="a">Citizen</subfield></datafield><datafield ind1="3" ind2="0" tag="246"><subfield code="a">North shore citizen</subfield></datafield><datafield ind1=" " ind2=" " tag="260"><subfield code="a">Bothell, WA :</subfield><subfield code="b">Richard La Fromboise</subfield></datafield><datafield ind1=" " ind2=" " tag="310"><subfield code="a">Weekly</subfield></datafield><datafield ind1="0" ind2=" " tag="362"><subfield code="a">Vol. 50, no. 37 (June 29, 1961)-v. 85, no. 39 (Feb. 3, 1988).</subfield></datafield><datafield ind1=" " ind2="0" tag="651"><subfield code="a">Bothell (Wash.)</subfield><subfield code="v">Newspapers.</subfield></datafield><datafield ind1=" " ind2="0" tag="651"><subfield code="a">Kenmore (Wash.)</subfield><subfield code="v">Newspapers.</subfield></datafield><datafield ind1=" " ind2="0" tag="651"><subfield code="a">Juanita (Kirkland, Wash.)</subfield><subfield code="v">Newspapers.</subfield></datafield><datafield ind1=" " ind2="0" tag="651"><subfield code="a">Woodinville (Wash.)</subfield><subfield code="v">Newspapers.</subfield></datafield><datafield ind1=" " ind2="0" tag="651"><subfield code="a">Lake Forest Park (Wash.)</subfield><subfield code="v">Newspapers.</subfield></datafield><datafield ind1=" " ind2="7" tag="655"><subfield code="a">Newspapers.</subfield><subfield code="2">fast</subfield><subfield code="0">(OCoLC)fst01423814</subfield></datafield><datafield ind1=" " ind2=" " tag="752"><subfield code="a">United States</subfield><subfield code="b">Washington</subfield><subfield code="c">King</subfield><subfield code="d">Bothell.</subfield></datafield><datafield ind1=" " ind2=" " tag="752"><subfield code="a">United States</subfield><subfield code="b">Washington</subfield><subfield code="c">King</subfield><subfield code="d">Kenmore.</subfield></datafield><datafield ind1=" " ind2=" " tag="752"><subfield code="a">United States</subfield><subfield code="b">Washington</subfield><subfield code="c">King</subfield><subfield code="d">Woodinville.</subfield></datafield><datafield ind1=" " ind2=" " tag="752"><subfield code="a">United States</subfield><subfield code="b">Washington</subfield><subfield code="c">King</subfield><subfield code="d">Kirkland</subfield><subfield code="f">Juanita.</subfield></datafield><datafield ind1=" " ind2=" " tag="752"><subfield code="a">United States</subfield><subfield code="b">Washington</subfield><subfield code="c">King</subfield><subfield code="d">Lake Forest Park.</subfield></datafield><datafield ind1="0" ind2="0" tag="780"><subfield code="t">Bothell citizen</subfield><subfield code="w">(DLC)sn 87093269</subfield></datafield><datafield ind1="0" ind2="5" tag="780"><subfield code="t">Northshore citizen</subfield><subfield code="w">(DLC)sn 83002439</subfield></datafield><datafield ind1="0" ind2="0" tag="785"><subfield code="t">Citizen (Bothell, Wash.)</subfield><subfield code="x">0897-9146</subfield><subfield code="w">(DLC)sn 88009014</subfield><subfield code="w">(OCoLC)17663280</subfield></datafield><datafield ind1=" " ind2=" " tag="936"><subfield code="a">June 22, 1983</subfield></datafield><datafield ind1="1" ind2=" " tag="029"><subfield code="a">AU@</subfield><subfield code="b">000022779420</subfield></datafield></record>